<record><leader>00000cas a22000007a 4500</leader><controlfield tag="001">14122657</controlfield><controlfield tag="008">860821c19869999cauwr ne      0   a0eng d</controlfield><datafield ind1=" " ind2=" " tag="010"><subfield code="a">sn 86011401 </subfield></datafield><datafield ind1=" " ind2=" " tag="040"><subfield code="a">NSD</subfield><subfield code="b">eng</subfield><subfield code="c">NSD</subfield><subfield code="d">NST</subfield><subfield code="d">CNK</subfield><subfield code="d">DLC</subfield><subfield code="d">WAU</subfield><subfield code="d">OCLCQ</subfield><subfield code="d">OCL</subfield><subfield code="d">OCLCQ</subfield><subfield code="d">OCLCF</subfield><subfield code="d">RCJ</subfield></datafield><datafield ind1=" " ind2=" " tag="012"><subfield code="i">8810</subfield><subfield code="j">0</subfield><subfield code="k">1</subfield><subfield code="l">1</subfield><subfield code="m">1</subfield></datafield><datafield ind1="0" ind2=" " tag="022"><subfield code="a">0890-0337</subfield><subfield code="l">0890-0337</subfield><subfield code="2">1</subfield></datafield><datafield ind1=" " ind2=" " tag="032"><subfield code="a">001066</subfield><subfield code="b">USPS</subfield></datafield><datafield ind1=" " ind2=" " tag="042"><subfield code="a">nsdp</subfield><subfield code="a">msc</subfield></datafield><datafield ind1=" " ind2=" " tag="043"><subfield code="a">n-us-ca</subfield></datafield><datafield ind1=" " ind2="4" tag="050"><subfield code="a">HF3163</subfield><subfield code="b">S36 @NEWS</subfield></datafield><datafield ind1="1" ind2="0" tag="082"><subfield code="a">330</subfield><subfield code="2">11</subfield></datafield><datafield ind1="0" ind2=" " tag="210"><subfield code="a">San Franc. bus. times</subfield></datafield><datafield ind1=" " ind2="0" tag="222"><subfield code="a">San Francisco business times</subfield></datafield><datafield ind1="0" ind2="0" tag="245"><subfield code="a">San Francisco business times.</subfield></datafield><datafield ind1=" " ind2=" " tag="260"><subfield code="a">[San Francisco, Calif.] :</subfield><subfield code="b">California Business Times, Inc.,</subfield><subfield code="c">[1986-</subfield></datafield><datafield ind1=" " ind2=" " tag="300"><subfield code="a">v.</subfield></datafield><datafield ind1=" " ind2=" " tag="310"><subfield code="a">Weekly</subfield></datafield><datafield ind1="0" ind2=" " tag="362"><subfield code="a">Vol. 1, no. 1 (week of Sept. 8, 1986)-</subfield></datafield><datafield ind1=" " ind2=" " tag="500"><subfield code="a">Title from caption.</subfield></datafield><datafield ind1=" " ind2=" " tag="530"><subfield code="a">Also issued online.</subfield></datafield><datafield ind1=" " ind2=" " tag="580"><subfield code="a">Has annual supplements: San Francisco business times book of lists, 1988-19 ; and: Book of lists (San Francisco, Calif.), &lt;1997-&gt;</subfield></datafield><datafield ind1=" " ind2=" " tag="588"><subfield code="a">Latest issue consulted: Vol. 1, no. 16 (week of Dec. 22, 1986).</subfield></datafield><datafield ind1=" " ind2="0" tag="650"><subfield code="a">Business</subfield><subfield code="v">Newspapers.</subfield></datafield><datafield ind1=" " ind2="0" tag="651"><subfield code="a">San Francisco Bay Area (Calif.)</subfield><subfield code="v">Newspapers.</subfield></datafield><datafield ind1=" " ind2="7" tag="650"><subfield code="a">Business.</subfield><subfield code="2">fast</subfield><subfield code="0">(OCoLC)fst00842262</subfield></datafield><datafield ind1=" " ind2="7" tag="651"><subfield code="a">California</subfield><subfield code="z">San Francisco Bay Area.</subfield><subfield code="2">fast</subfield><subfield code="0">(OCoLC)fst01242397</subfield></datafield><datafield ind1=" " ind2="7" tag="655"><subfield code="a">Newspapers.</subfield><subfield code="2">fast</subfield><subfield code="0">(OCoLC)fst01423814</subfield></datafield><datafield ind1=" " ind2=" " tag="752"><subfield code="a">United States</subfield><subfield code="b">California</subfield><subfield code="c">San Francisco</subfield><subfield code="d">San Francisco.</subfield></datafield><datafield ind1="1" ind2=" " tag="770"><subfield code="t">San Francisco business times book of lists</subfield><subfield code="w">(OCoLC)17459136</subfield></datafield><datafield ind1="1" ind2=" " tag="770"><subfield code="t">Book of lists (San Francisco, Calif.)</subfield><subfield code="w">(DLC)  2002252477</subfield><subfield code="w">(OCoLC)37029554</subfield></datafield><datafield ind1="1" ind2=" " tag="776"><subfield code="t">San Francisco business times (Online)</subfield><subfield code="w">(DLC)   99107137</subfield><subfield code="w">(OCoLC)40562062</subfield></datafield><datafield ind1=" " ind2=" " tag="850"><subfield code="a">CSf</subfield><subfield code="a">CU</subfield></datafield><datafield ind1="4" ind2="1" tag="856"><subfield code="u">http://www.amcity.com//</subfield></datafield><datafield ind1="1" ind2=" " tag="029"><subfield code="a">NZ1</subfield><subfield code="b">5979111</subfield></datafield><datafield ind1="1" ind2=" " tag="029"><subfield code="a">AU@</subfield><subfield code="b">000020427098</subfield></datafield></record>